@inproceedings{Jeung08,
 author = {Jeung, Hoyoung and Liu, Qing and Shen, Heng Tao and Zhou, Xiaofang},
 title = {A Hybrid Prediction Model for Moving Objects},
 booktitle = {Proceedings of the 2008 IEEE 24th International Conference on Data Engineering},
 series = {ICDE '08},
 year = {2008},
 isbn = {978-1-4244-1836-7},
 pages = {70--79},
 numpages = {10},
 url = {http://dx.doi.org/10.1109/ICDE.2008.4497415},
 doi = {10.1109/ICDE.2008.4497415},
 acmid = {1547131},
 publisher = {IEEE Computer Society},
 address = {Washington, DC, USA},
}

@inproceedings{Huang08,
 author = {Huang, Yuan-Ko and Liao, Shi-Jei and Lee, Chiang},
 title = {Efficient Continuous K-Nearest Neighbor Query Processing over Moving Objects with Uncertain Speed and Direction},
 booktitle = {Proceedings of the 20th International Conference on Scientific and Statistical Database Management},
 series = {SSDBM '08},
 year = {2008},
 isbn = {978-3-540-69476-2},
 location = {Hong Kong, China},
 pages = {549--557},
 numpages = {9},
 url = {http://dx.doi.org/10.1007/978-3-540-69497-7_37},
 doi = {10.1007/978-3-540-69497-7_37},
 acmid = {1425191},
 publisher = {Springer-Verlag},
 address = {Berlin, Heidelberg},
} 

@inproceedings{Cheng12,
 author = {Cheng, Reynold and Gong, Jian and Cheung, David W. and Cheng, Jiefeng},
 title = {Evaluating Probabilistic Queries over Uncertain Matching},
 booktitle = {Proceedings of the 2012 IEEE 28th International Conference on Data Engineering},
 series = {ICDE '12},
 year = {2012},
 isbn = {978-0-7695-4747-3},
 pages = {1096--1107},
 numpages = {12},
 url = {http://dx.doi.org/10.1109/ICDE.2012.14},
 doi = {10.1109/ICDE.2012.14},
 acmid = {2310308},
 publisher = {IEEE Computer Society},
 address = {Washington, DC, USA},
}

@article{Hendawi15,
  title={Predictive Tree: An Efficient Index for Predictive Queries On Road Networks},
  author={Hendawi, Abdeltawab M and Bao, Jie and Mokbel, Mohamed F and Ali, Mohamed},
  series = {ICDE '15},
}

@inproceedings{Saltenis00,
 author = {\v{S}altenis, Simonas and Jensen, Christian S. and Leutenegger, Scott T. and Lopez, Mario A.},
 title = {Indexing the Positions of Continuously Moving Objects},
 booktitle = {Proceedings of the 2000 ACM SIGMOD International Conference on Management of Data},
 series = {SIGMOD '00},
 year = {2000},
 isbn = {1-58113-217-4},
 location = {Dallas, Texas, USA},
 pages = {331--342},
 numpages = {12},
 url = {http://doi.acm.org/10.1145/342009.335427},
 doi = {10.1145/342009.335427},
 acmid = {335427},
 publisher = {ACM},
 address = {New York, NY, USA},
} 

@article{Middleditch88,
 author = {Middleditch, A. E. and Stacey, T. W. and Tor, S. B.},
 title = {Intersection Algorithms for Lines and Circles},
 journal = {ACM Trans. Graph.},
 issue_date = {Jan. 1989},
 volume = {8},
 number = {1},
 month = nov,
 year = {1988},
 issn = {0730-0301},
 pages = {25--40},
 numpages = {16},
 url = {http://doi.acm.org/10.1145/49155.49157},
 doi = {10.1145/49155.49157},
 acmid = {49157},
 publisher = {ACM},
 address = {New York, NY, USA},
} 

@article{Zhang09,
 author = {Zhang, Meihui and Chen, Su and Jensen, Christian S. and Ooi, Beng Chin and Zhang, Zhenjie},
 title = {Effectively Indexing Uncertain Moving Objects for Predictive Queries},
 journal = {Proc. VLDB Endow.},
 issue_date = {August 2009},
 volume = {2},
 number = {1},
 month = aug,
 year = {2009},
 issn = {2150-8097},
 pages = {1198--1209},
 numpages = {12},
 url = {http://dx.doi.org/10.14778/1687627.1687762},
 doi = {10.14778/1687627.1687762},
 acmid = {1687762},
 publisher = {VLDB Endowment},
} 
